<record><leader>00000cas a22000007a 4500</leader><controlfield tag="001">12569842</controlfield><controlfield tag="008">850918d19121975aluwr ne      0    0eng d</controlfield><datafield ind1=" " ind2=" " tag="010"><subfield code="a">sn 85044928 </subfield></datafield><datafield ind1=" " ind2=" " tag="040"><subfield code="a">CPN</subfield><subfield code="b">eng</subfield><subfield code="c">CPN</subfield><subfield code="d">OCLCQ</subfield></datafield><datafield ind1=" " ind2=" " tag="042"><subfield code="a">msc</subfield></datafield><datafield ind1="0" ind2="4" tag="245"><subfield code="a">The Union-banner.</subfield></datafield><datafield ind1="1" ind2="3" tag="246"><subfield code="a">Union and banner</subfield></datafield><datafield ind1=" " ind2=" " tag="260"><subfield code="a">Clanton, Ala. :</subfield><subfield code="b">Union Pub. Co.,</subfield><subfield code="c">1912-1975.</subfield></datafield><datafield ind1=" " ind2=" " tag="300"><subfield code="a">v. :</subfield><subfield code="b">ill. ;</subfield><subfield code="c">55-57 cm.</subfield></datafield><datafield ind1=" " ind2=" " tag="310"><subfield code="a">Weekly</subfield></datafield><datafield ind1="0" ind2=" " tag="362"><subfield code="a">Vol. 1, no. 1 (Apr. 11, 1912)-v. 100, no. 24 (Aug. 21, 1975).</subfield></datafield><datafield ind1=" " ind2=" " tag="515"><subfield code="a">Numbering is irregular.</subfield></datafield><datafield ind1=" " ind2=" " tag="752"><subfield code="a">United States</subfield><subfield code="b">Alabama</subfield><subfield code="c">Chilton</subfield><subfield code="d">Clanton.</subfield></datafield><datafield ind1="0" ind2="4" tag="780"><subfield code="t">Union (Clanton, Ala.)</subfield><subfield code="w">(DLC)sn 86050146</subfield></datafield><datafield ind1="0" ind2="4" tag="780"><subfield code="t">Banner (Clanton, Ala)</subfield><subfield code="w">(DLC)sn 85044927</subfield></datafield><datafield ind1="0" ind2="0" tag="785"><subfield code="t">Central Alabama independent advertiser and the union-banner</subfield><subfield code="w">(DLC)sn 85044929</subfield></datafield></record>